<collection xmlns="http://www.loc.gov/MARC21/slim">
<record>
  <leader>00831nam0a2200193 i 450 </leader>
  <controlfield tag="001">IT\ICCU\CNCE\004762</controlfield>
  <controlfield tag="005">20070823000000.0</controlfield>
  <datafield tag="012" ind1=" " ind2=" ">
    <subfield code="a">tato r-si i-l- etle (C) 1600 (Q)</subfield>
    <subfield code="2">fei</subfield>
  </datafield>
  <datafield tag="100" ind1=" " ind2=" ">
    <subfield code="a">19970101f1600        0itac0103    ba</subfield>
  </datafield>
  <datafield tag="101" ind1=" " ind2=" ">
    <subfield code="a">ITA</subfield>
  </datafield>
  <datafield tag="102" ind1=" " ind2=" ">
    <subfield code="a">IT</subfield>
  </datafield>
  <datafield tag="200" ind1="1" ind2=" ">
    <subfield code="a">Auiso della presa di Berck fortezza principale posta su&apos;l Rheno, &amp; di Vuesel piazza situata su&apos;l medesimo fiume. Tolte  ̉ribelli heretici de Paesi Bassi dall&apos;eccellentissimo s. Ammirante d&apos;Aragon. Publicato per Bernardino Beccari alla Minerua</subfield>
  </datafield>
  <datafield tag="210" ind1=" " ind2=" ">
    <subfield code="a">In Milano</subfield>
    <subfield code="c">per Pandolfo Malatesta</subfield>
    <subfield code="d">\1600?!</subfield>
  </datafield>
  <datafield tag="215" ind1=" " ind2=" ">
    <subfield code="a">\4! c.</subfield>
    <subfield code="d">8ʻ</subfield>
  </datafield>
  <datafield tag="620" ind1=" " ind2=" ">
    <subfield code="a">IT</subfield>
    <subfield code="d">Milano</subfield>
  </datafield>
  <datafield tag="700" ind1=" " ind2="1">
    <subfield code="a">Beccari,</subfield>
    <subfield code="b">Bernardino</subfield>
    <subfield code="3">IT\ICCU\CNCA\001493</subfield>
  </datafield>
  <datafield tag="712" ind1="0" ind2="0">
    <subfield code="a">Malatesta, Pandolfo</subfield>
    <subfield code="3">IT\ICCU\CNCT\000146</subfield>
    <subfield code="4">650</subfield>
  </datafield>
  <datafield tag="801" ind1=" " ind2="3">
    <subfield code="a">IT</subfield>
    <subfield code="b">ICCU</subfield>
    <subfield code="c">20201113</subfield>
  </datafield>
  <datafield tag="899" ind1=" " ind2=" ">
    <subfield code="a">Biblioteca nazionale Braidense. Milano</subfield>
    <subfield code="1">MI0185</subfield>
    <subfield code="2">MIL NB</subfield>
  </datafield>
</record>
</collection>
